@online{ALCASAR,
    author = {ALCASAR},
    title = {Projet ALCASAR},
    year = 2015,
    url = {http://www.alcasar.net/},
    urldate = {15/10/2015},
    organization = {},
}

@online{netflowvsipfix,
    author = {Mike Patterson},
    title = {NetFlow vs. IPFIX Exporter},
    year = 2012,
    url = {http://www.bradreese.com/blog/netflow-vs-ipfix-exporter.htm},
    urldate = {\today},
    organization = {Bradreese},
}

@online{netflow,
    author = {Wikipedia},
    title = {NetFlow},
    year = 2015,
    url = {https://en.wikipedia.org/wiki/NetFlow},
    urldate = {\today},
    organization = {Wikipedia},
}

@online{ipt,
    author = {aabc},
    title = {ipt-netflow},
    year = 2015,
    url = {https://github.com/aabc/ipt-netflow},
    urldate = {\today},
    organization = {},
}

@online{nfdump,
    author = {Peter Haag},
    title = {Nfdump},
    year = 2015,
    url = {https://github.com/phaag/nfdump},
    urldate = {\today},
    organization = {},
}

@online{snmp,
    author = {Michael "baerm" ; Dave Shield ; Wes Hardaker ; G. S. Marzot ; Niels Baggesen ; Robert Story ; Mike Slifcak},
    title = {net-snmp},
    year = 2015,
    url = {www.net-snmp.org},
    urldate = {\today},
    organization = {},
}

@online{nftuto,
    author = {Alexandre Domont},
    title = {Outils d’analyse de flux réseau : Nfdump, Nfsen, fprobe},
    year = 2015,
    url = {http://www.pointroot.org/index.php/2015/03/22/outils-danalyse-de-flux-reseau-nfdump-nfsen-fprobe/},
    urldate = {\today},
    organization = {},
}